@online{site:wikipedia,
    title   = {Wikipedia},
    url     = {https://it.wikipedia.org/}
}
@online{site:yarix,
    title   = {Yarix},
    url     = {https://www.yarix.com/}
}
@online{site:virtualbox,
    title   = {VirtualBox},
    url     = {https://www.virtualbox.org/}
}
@online{site:celery,
    title   = {Celery},
    url     = {https://docs.celeryproject.org/en/stable/}
}
@online{site:redis,
    title   = {Redis},
    url     = {https://redis.io/}
}
@online{site:pycharm,
    title   = {PyCharm},
    url     = {https://www.jetbrains.com/pycharm/}
}
@online{site:rabbitmq,
    title   = {RabbitMQ},
    url     = {https://www.rabbitmq.com/}
}
